<?xml version="1.0" encoding="UTF-8"?><record xmlns="http://www.loc.gov/MARC21/slim" xmlns:cinclude="http://apache.org/cocoon/include/1.0" xmlns:zs="http://www.loc.gov/zing/srw/">
  <leader>00488nz  a2200145n  4500</leader>
  <controlfield tag="001">no2007109989</controlfield>
  <controlfield tag="003">DLC</controlfield>
  <controlfield tag="005">20070920075350.0</controlfield>
  <controlfield tag="008">070918n| acannaabn          |n aaa     c</controlfield>
  <datafield tag="010" ind1=" " ind2=" ">
    <subfield code="a">no2007109989</subfield>
  </datafield>
  <datafield tag="035" ind1=" " ind2=" ">
    <subfield code="a">(OCoLC)oca07526594</subfield>
  </datafield>
  <datafield tag="040" ind1=" " ind2=" ">
    <subfield code="a">UPB</subfield>
    <subfield code="b">eng</subfield>
    <subfield code="c">UPB</subfield>
  </datafield>
  <datafield tag="100" ind1="1" ind2=" ">
    <subfield code="a">Steiner, Ralph D.</subfield>
    <subfield code="q">(Ralph Dean),</subfield>
    <subfield code="d">1931-</subfield>
  </datafield>
  <datafield tag="670" ind1=" " ind2=" ">
    <subfield code="a">Those were the days, 1991:</subfield>
    <subfield code="b">p. vii (Ralph Dean Steiner; b. Jan. 28, 1931 in Rexburg, Idaho)</subfield>
  </datafield>
  <datafield tag="670" ind1=" " ind2=" ">
    <subfield code="a">Ancestry.com, viewed Sept. 18, 2007</subfield>
    <subfield code="b">(Ralph D. Steiner; b. 1931)</subfield>
  </datafield>
</record>